% Encoding: UTF-8

@InProceedings{Auerbach:2007:DIC:1289927.1289967,
  author =    {Auerbach, Joshua and Bacon, David F. and Blainey, Bob and Cheng, Perry and Dawson, Michael and Fulton, Mike and Grove, David and Hart, Darren and Stoodley, Mark},
  title =     {Design and Implementation of a Comprehensive Real-time Java Virtual Machine},
  booktitle = {Proceedings of the 7th ACM \&Amp; IEEE International Conference on Embedded Software},
  year =      {2007},
  series =    {EMSOFT '07},
  pages =     {249--258},
  address =   {New York, NY, USA},
  publisher = {ACM},
  acmid =     {1289967},
  doi =       {10.1145/1289927.1289967},
  isbn =      {978-1-59593-825-1},
  keywords =  {AOT, JIT, JVM, garbage collection, java, real time},
  location =  {Salzburg, Austria},
  numpages =  {10},
  url =       {http://doi.acm.org/10.1145/1289927.1289967}
}

@Article{breg1998javaRMI,
  author =        {Breg, Fabian and Diwan, Shridhar and Villacis, Juan E. and Balasubramanian, Jayashree and Akman, Esra and Gannon, Dennis},
  title =         {Java RMI performance and object model interoperability: Experiments with Java/HPC++},
  journal =       {Concurrency - Practice and Experience},
  year =          {1998},
  volume =        {10},
  number =        {11-13},
  pages =         {941--955},
  __markedentry = {[g13s0714:1]},
  review =        {can use to talk about Java RMI}
}

@InCollection{dijkstraSems,
  author =    {Dijkstra, Edsger W.},
  title =     {{The Origin of Concurrent Programming}},
  publisher = {Springer-Verlag New York, Inc.},
  year =      {2002},
  editor =    {Hansen, Per Brinch},
  chapter =   {Cooperating Sequential Processes},
  pages =     {65--138},
  address =   {New York, NY, USA},
  acmid =     {762974},
  isbn =      {0-387-95401-5},
  numpages =  {74},
  url =       {http://dl.acm.org/citation.cfm?id=762971.762974}
}

@Book{garg2005concurrent,
  title =         {Concurrent and Distributed Computing in Java},
  publisher =     {John Wiley \& Sons},
  year =          {2005},
  author =        {Garg, Vijay K},
  __markedentry = {[g13s0714:1]},
  review =        {Refers to other books:
1) Farley, Hartley, Lea --> for concurrency in Java}
}

@Article{hayes2007computing,
  author =    {Hayes, Brian},
  title =     {Computing Science: Computing in a Parallel Universe},
  journal =   {American Scientist},
  year =      {2007},
  volume =    {95},
  number =    {6},
  pages =     {476--480},
  publisher = {JSTOR}
}

@Book{HydeJavaThreadProg,
  title =     {{Java Thread Programming}},
  publisher = {{Sams Publishing}},
  year =      {1999},
  author =    {Hyde, P}
}

@Misc{IBM2009,
  author =       {Dawson, M. and Johnson, G. and Low, A.},
  title =        {{Best practices for using the Java Native Interface}},
  howpublished = {http://www.ibm.com/developerworks/library/j-jni/},
  year =         {2009},
  note =         {[Date Accessed: 18 March 2016]}
}

@Misc{IPCWindowsLinkedInSlides,
  author =       {Vinoth, R},
  title =        {{IPC Mechanisms in Windows}},
  howpublished = {\url{http://www.slideshare.net/mfsi_vinothr/ipc-mechanisms-in-windows}},
  year =         {2014},
  note =         {[Date Accessed: 22 April 2016]}
}

@Misc{JavaAPI,
  author =       {Oracle},
  title =        {{Java Platform Standard Edition 8 API Specification}},
  howpublished = {\url{http://docs.oracle.com/javase/8/docs/api/}},
  year =         {2016},
  note =         {[Date Accessed: 6 March 2016]},
  review =       {This link is just to the top level of the Java API}
}

@Book{JavaConcurrencyInPractice,
  title =     {Java Concurrency in Practice},
  publisher = {Addison-Wesley},
  year =      {2006},
  author =    {Goetz, B and Peierls, T and Bloch, J and Bowbeer, J and Holmes, D and Lea, D},
  review =    {- RMI}
}

@Misc{JavaIntro,
  author =       {Oracle},
  title =        {{Introduction to the Java Programming Environment}},
  howpublished = {https://docs.oracle.com/cd/E19455-01/806-3461/6jck06gqb/index.html},
  year =         {2010},
  note =         {[Date Accessed: 23 February]}
}

@Electronic{JVMakka,
  author =        {Slinn, M},
  year =          {2012},
  title =         {{Benchmarking JVM Concurrency Options for Java, Scala and Akka}},
  organization =  {InfoQueue},
  url =           {http://www.infoq.com/articles/benchmarking-jvm},
  __markedentry = {[g13s0714:1]}
}@article{Lamport1986,
abstract = {Interprocess communication is studied without assuming any lower-level communication primitives. Three classes of communication registers are considered, and several constructions are given for implementing one class of register with a weaker class. The formalism developed in Part I is used in proving the correctness of these constructions.},
author = {Lamport, Leslie},
doi = {10.1007/BF01786228},
file = {:C$\backslash$:/Users/g13s0714/Desktop/CS Honours/Thesis/George Wells/On Interprocess Communication.pdf:pdf},
issn = {0178-2770},
journal = {Distributed Computing},
number = {2},
pages = {86--101},
title = {{On interprocess communication}},
url = {http://www.springerlink.com/content/j6j2r55wj0798168},
volume = {1},
year = {1986}
}

@Article{Lea_java.util.concurrent,
  author =   {Lea, D},
  title =    {The java.util.concurrent {S}ynchronizer {F}ramework},
  journal =  {Science of Computer Programming },
  year =     {2005},
  volume =   {58},
  number =   {3},
  pages =    {293 - 309},
  note =     {Special Issue on Concurrency and Synchonization in Java Programs},
  abstract = {Most synchronizers (locks, barriers, etc.) in the \{J2SE\} 5.0 java.util.concurrent package are constructed using a small framework based on class AbstractQueuedSynchronizer. This framework provides common mechanics for atomically managing synchronization state, blocking and unblocking threads, and queuing. The paper describes the rationale, design, implementation, usage, and performance of this framework. },
  doi =      {http://dx.doi.org/10.1016/j.scico.2005.03.007},
  issn =     {0167-6423},
  url =      {http://www.sciencedirect.com/science/article/pii/S0167642305000663}
}

@Book{LeaConcurrentProgInJavaDesignPrinciplesPatterns,
  title =     {Concurrent Programming in Java: Design Principles and Patterns},
  publisher = {Addison-Wesley},
  year =      {1999},
  author =    {Lea, D},
  edition =   {2nd}
}

@Article{lewandowski1997interprocess,
  author =  {Lewandowski, Scott M},
  title =   {{Interprocess Communication in UNIX and Windows NT}},
  journal = {Brown University},
  year =    {1997}
}

@Book{LiangJNISpecification,
  title =         {{The Java Native Interface: Programmer's Guide and Specification}},
  publisher =     {Addison-Wesley Professional},
  year =          {1999},
  author =        {Liang, S.},
  address =       {Palo Alto},
  __markedentry = {[g13s0714:1]},
  abstract =      {Very good outline of how JNI works Good code examples.},
  review =        {Used for background reading on how JNI works}
}

@Book{linuxKernal,
  title =     {Understanding the Linux Kernel},
  publisher = {O'Reilly},
  year =      {2003},
  author =    {Bovet, D and Cesati, M},
  address =   {Sabastopol, CA, USA},
  edition =   {2nd}
}

@Book{modernOS,
  title =         {{Modern Operating Systems}},
  publisher =     {Pearson},
  year =          {2015},
  author =        {Tanenbaum, A. S., and Bos, H},
  address =       {Edinburgh},
  edition =       {4},
  __markedentry = {[g13s0714:1]},
  review =        {Good GENERAL description of OS IPC mechanisms (not OS specific)}
}

@Misc{MSDN_API,
  author =       {MSDN},
  title =        {{Microsoft API and Reference Catalog}},
  howpublished = {\url{https://msdn.microsoft.com/en-us/library/}},
  year =         {2016},
  note =         {[Date Accessed: 22 April 2016]}
}

@Misc{MSDN_IPCExplanation,
  author =        {Lee, T},
  title =         {{I}nterprocess {C}ommunications},
  howpublished =  {\url{https://msdn.microsoft.com/en-us/library/windows/desktop/aa365574(v=vs.85).aspx}},
  year =          {2016},
  note =          {[Date Accessed: 22 April 2016]},
  __markedentry = {[g13s0714:1]}
}

@Electronic{MSDN_Mailslots_INTRO,
  year =          {2010},
  title =         {Mailslots},
  organization =  {Microsoft Organisation},
  address =       {Washington, United States},
  url =           {https://msdn.microsoft.com/en-us/library/windows/desktop/aa365576(v=vs.85).aspx},
  __markedentry = {[g13s0714:1]},
  review =        {Talks about mailslots as an IPC mechanism --> links to code snippets and how to use etc.}
}

@Electronic{MSDN_PIPES_INTRO,
  year =          {2010},
  title =         {Pipes},
  organization =  {Microsoft Organisation},
  url =           {https://msdn.microsoft.com/en-us/library/windows/desktop/aa365780(v=vs.85).aspx},
  __markedentry = {[g13s0714:1]},
  review =        {Intro pipes. Contains links on how to use.}
}

@Electronic{MSDN_ProcsThread_IPC,
  year =          {2010},
  title =         {Processes and Threads},
  organization =  {Microsoft Organisation},
  url =           {https://msdn.microsoft.com/en-us/library/windows/desktop/ms684841(v=vs.85).aspx},
  __markedentry = {[g13s0714:1]}
}

@Electronic{MSDN_Synch_INTRO,
  year =          {2010},
  title =         {Synchronisation},
  address =       {Redmon, Washington},
  url =           {https://msdn.microsoft.com/en-us/library/windows/desktop/ms686353(v=vs.85).aspx},
  __markedentry = {[g13s0714:1]}
}

@Book{multithreadingwin32,
  title =         {{Multithreading Applications in Win32}},
  publisher =     {{Addison-Wesley}},
  year =          {1997},
  author =        {Beveridge, J and Wiener, R},
  address =       {{Reading, Massachussets}},
  __markedentry = {[g13s0714:1]},
  review =        {Good discussion on threading mechanisms.

Also dicusses IPC -->
Good information on functions (i.e. actual code that is used) may need to do research on code snippets to make it up to date --> use MSDN}
}

@Book{OSInternals&DesignPrinciplesStallings,
  title =         {{Operating Systems: Internals and Design Principles}},
  publisher =     {{Pearson Education International}},
  year =          {2009},
  author =        {Stallings, W},
  edition =       {6},
  __markedentry = {[g13s0714:1]}
}

@Book{pthreadsCarver,
  title =     {{Modern Multithreading: Implemeting, Testing, and Debugging Multithreaded Java and C++/ Pthreads/Win32 Programs}},
  publisher = {John Wiley \& Sons},
  year =      {2006},
  author =    {Carver, R. H. and Tai, K.},
  address =   {New Jersey},
  abstract =  {just for general description of processes and threads}
}

@Book{russinovich2012windows,
  title =     {Windows internals},
  publisher = {Pearson Education},
  year =      {2012},
  author =    {Russinovich, Mark E and Solomon, David A and Ionescu, Alex}
}

@Misc{semDisadvantages,
  author =       {Schauble, C, J, C},
  title =        {{Distributed Operating Systems: Disadvantages of Semaphores}},
  howpublished = {\url{http://www.cs.colostate.edu/~cs551/CourseNotes/ConcurrentConstructs/DisAdvSems.html}},
  year =         {2003},
  note =         {[Date Accessed: 22 March 2016]}
}
@article{Shapiro1996,
author = {Shapiro, Jonathan S and Farber, David J and Smith, Jonathan M},
file = {:C$\backslash$:/Users/g13s0714/Desktop/CS Honours/Thesis/George Wells/iwooos96-ipc.pdf:pdf},
title = {{The Measured Performance of a Fast Local IPC}},
year = {1996}
}

@InProceedings{spinlocks1994,
  author =       {Wisniewski, Robert W and Kontothanassis, Leonidas and Scott, Michael L},
  title =        {Scalable spin locks for multiprogrammed systems},
  booktitle =    {Parallel Processing Symposium, 1994. Proceedings., Eighth International},
  year =         {1994},
  pages =        {583--589},
  organization = {IEEE},
  review =       {used to get negatives of spin locks}
}

@Article{taboada2013javaforHPC,
  author =    {Taboada, Guillermo L and Ramos, Sabela and Exp{\'o}sito, Roberto R and Touri{\~n}o, Juan and Doallo, Ram{\'o}n},
  title =     {Java in the High Performance Computing arena: Research, practice and experience},
  journal =   {Science of Computer Programming},
  year =      {2013},
  volume =    {78},
  number =    {5},
  pages =     {425--444},
  publisher = {Elsevier}
}

@Book{trainBook,
  title =     {{Concurrency: State Models \& Java Programming}},
  publisher = {{John Wiley \& Sons, Ltd}},
  year =      {2006},
  author =    {Magee, J and Kramer, J},
  address =   {{Chichester, England}}
}

@Article{WellsEfficientIPCJava,
  author =        {Wells, George C},
  title =         {{Efficient Interprocess Communication in Java}},
  year =          {2013},
  pages =         {1--7},
  __markedentry = {[g13s0714:1]},
  file =          {:C$\backslash$:/Users/g13s0714/Desktop/CS Honours/Thesis/George Wells/Efficent IPC with Java.pdf:pdf},
  keywords =      {interprocess communication,java,multiprocessing}
}

@InProceedings{WellsIPCJava,
  author =        {G.C. Wells},
  title =         {Interprocess Communication in {J}ava},
  booktitle =     {Proc. 2009 International Conference on Parallel and Distributed Processing Techniques and Applications (PDPTA'09)},
  year =          {2009},
  editor =        {H.R. Arabnia},
  pages =         {407--413},
  address =       {Las Vegas},
  month =         jul,
  publisher =     {CSREA Press},
  __markedentry = {[g13s0714:1]},
  review =        {Describes the Linux implementation --> read in conjunction with studying the code.}
}

@InProceedings{WellsIPCMultiProc,
  author =        {G.C. Wells},
  title =         {Extending {J}ava's Communication Mechanisms for Multicore Processors},
  booktitle =     {8th International Conference on the Principles and Practice of Programming in Java (PPPJ 2010)},
  year =          {2010},
  address =       {Vienna, Austria},
  month =         sep,
  note =          {(Poster)},
  __markedentry = {[g13s0714:1]},
  review =        {Talks about SMOF --> good for talking about getting around portability issues of java}
}

@Book{WinInt2009,
  title =     {{Windows Internals Covering Windows Server 2008 and Windows Vista}},
  publisher = {Microsoft Press},
  year =      {2009},
  author =    {Russinovich, M. E. and Solomon, D. A.},
  edition =   {5}
}

@Book{WinInternalsPart12012,
  title =     {Windows Internals Part 1},
  publisher = {Microsoft Press},
  year =      {2012},
  author =    {Russinovich, M and Solomon, D. A. and Ionescu, A.},
  edition =   {6th}
}
