@article{Lamport1986,
abstract = {Interprocess communication is studied without assuming any lower-level communication primitives. Three classes of communication registers are considered, and several constructions are given for implementing one class of register with a weaker class. The formalism developed in Part I is used in proving the correctness of these constructions.},
author = {Lamport, Leslie},
doi = {10.1007/BF01786228},
file = {:C$\backslash$:/Users/g13s0714/Desktop/CS Honours/Thesis/George Wells/On Interprocess Communication.pdf:pdf},
issn = {0178-2770},
journal = {Distributed Computing},
number = {2},
pages = {86--101},
title = {{On interprocess communication}},
url = {http://www.springerlink.com/content/j6j2r55wj0798168},
volume = {1},
year = {1986}
}
